<?xml version="1.0" encoding="UTF-8"?><collection xmlns="http://www.loc.gov/MARC21/slim"><record><leader>00386nam--2200133-i-4500</leader><controlfield tag="001">000041295</controlfield><controlfield tag="002">20161230</controlfield><controlfield tag="005">20161230201043</controlfield><controlfield tag="008">060222s1000------------r-----000-0-eng-d</controlfield><datafield ind1=" " ind2=" " tag="080"><subfield code="a">546.72(043)</subfield></datafield><datafield ind1=" " ind2=" " tag="100"><subfield code="a">Serreau,Alain</subfield></datafield><datafield ind1=" " ind2=" " tag="245"><subfield code="a">Etude de l a preparation et des proprietes mecaniques de monocristaux de fer pur. these</subfield></datafield><datafield ind1=" " ind2=" " tag="260"><subfield code="a">Paris, Univ.Paris, 1971. /436-445 P.</subfield></datafield><datafield ind1=" " ind2=" " tag="852"><subfield code="a">40502</subfield></datafield></record></collection>